
        <record>
            <recordSchema>marcxml</recordSchema>
            <recordPacking>xml</recordPacking>
            <recordData>
                <record xmlns="http://www.loc.gov/MARC21/slim">
                    <leader>01190cam a2200337 c 4500</leader>
                    <controlfield tag="001">999911111111112202</controlfield>
                    <datafield ind1=" " ind2=" " tag="022">
                        <subfield code="a">1234-5678</subfield>
                    </datafield>
                    <datafield ind1=" " ind2=" " tag="035">
                        <subfield code="a">(CKB)11223344556677889900</subfield>
                    </datafield>
                    <datafield ind1="0" ind2="0" tag="245">
                        <subfield code="a">Tidsskrift.</subfield>
                    </datafield>
                    <datafield ind1=" " ind2=" " tag="260">
                        <subfield code="a">Oslo</subfield>
                        <subfield code="b">Forlag.</subfield>
                    </datafield>
                </record>
            </recordData>
            <recordIdentifier>999911111111112202</recordIdentifier>
            <recordPosition>2</recordPosition>
        </record>